@incollection{Lawvere1969,
  author       = {Lawvere, F.~William},
  title        = {Diagonal arguments and cartesian closed categories},
  booktitle    = {Category Theory, Homology Theory and their Applications II},
  series       = {Lecture Notes in Mathematics},
  volume       = {92},
  pages        = {134--145},
  publisher    = {Springer-Verlag},
  address      = {Berlin},
  year         = {1969}
}

@inproceedings{AbramskyCoecke2004,
  author       = {Abramsky, Samson and Coecke, Bob},
  title        = {A categorical semantics of quantum protocols},
  booktitle    = {Proceedings of the 19th Annual IEEE Symposium on Logic in Computer Science (LICS 2004)},
  pages        = {415--425},
  publisher    = {IEEE Computer Society},
  address      = {Los Alamitos, CA},
  year         = {2004},
  doi          = {10.1109/LICS.2004.1319636}
}

@misc{Abramsky2009,
  author       = {Abramsky, Samson},
  title        = {No-Cloning in Categorical Quantum Mechanics},
  howpublished = {arXiv:0910.2401 [quant-ph]},
  year         = {2009}
}

@book{CoeckeKissinger2017,
  author       = {Coecke, Bob and Kissinger, Aleks},
  title        = {Picturing Quantum Processes},
  publisher    = {Cambridge University Press},
  address      = {Cambridge},
  year         = {2017}
}

@misc{BaezStay2011,
  author       = {Stay, Michael and Baez, John~C.},
  title        = {Physics, Topology, Logic and Computation: a Rosetta Stone},
  howpublished = {arXiv:0903.0340 [math.QA]},
  year         = {2011}
}

@incollection{Selinger2010,
  author       = {Selinger, Peter},
  title        = {A survey of graphical languages for monoidal categories},
  booktitle    = {New Structures for Physics},
  editor       = {Coecke, Bob},
  series       = {Lecture Notes in Physics},
  volume       = {813},
  pages        = {289--355},
  publisher    = {Springer},
  address      = {Berlin},
  year         = {2010}
}

@article{WoottersZurek1982,
  author       = {Wootters, W.~K. and Zurek, W.~H.},
  title        = {A single quantum cannot be cloned},
  journal      = {Nature},
  volume       = {299},
  pages        = {802--803},
  year         = {1982},
  doi          = {10.1038/299802a0}
}

@article{Dieks1982,
  author       = {Dieks, D.},
  title        = {Communication by {EPR} devices?},
  journal      = {Physics Letters A},
  volume       = {92},
  number       = {6},
  pages        = {271--272},
  year         = {1982},
  doi          = {10.1016/0375-9601(82)90084-6}
}

@article{BarnumEtAl1996,
  author       = {Barnum, Howard and Caves, Carlton~M. and Fuchs, Christopher~A. and Jozsa, Richard and Schumacher, Benjamin},
  title        = {Noncommuting mixed states cannot be broadcast},
  journal      = {Physical Review Letters},
  volume       = {76},
  number       = {15},
  pages        = {2818--2821},
  year         = {1996},
  doi          = {10.1103/PhysRevLett.76.2818}
}

@article{Godel1931,
  author       = {G{\"o}del, Kurt},
  title        = {{\"U}ber formal unentscheidbare S{\"a}tze der {P}rincipia {M}athematica und verwandter Systeme I},
  journal      = {Monatshefte f{\"u}r Mathematik und Physik},
  volume       = {38},
  pages        = {173--198},
  year         = {1931}
}

@article{Tarski1936,
  author       = {Tarski, Alfred},
  title        = {{D}er {W}ahrheitsbegriff in den formalisierten {S}prachen},
  journal      = {Studia Philosophica},
  volume       = {1},
  pages        = {261--405},
  year         = {1936}
}

@article{Kleene1938,
  author       = {Kleene, Stephen~C.},
  title        = {On notation for ordinal numbers},
  journal      = {Journal of Symbolic Logic},
  volume       = {3},
  number       = {4},
  pages        = {150--155},
  year         = {1938}
}

@article{ReehSchlieder1961,
  author       = {Reeh, Helmut and Schlieder, Siegfried},
  title        = {Bemerkungen zur unit{\"a}r{\"a}quivalenz von lorentzinvarianten {F}eldern},
  journal      = {Il Nuovo Cimento},
  volume       = {22},
  pages        = {1051--1068},
  year         = {1961}
}

@book{Haag1992,
  author       = {Haag, Rudolf},
  title        = {Local Quantum Physics: Fields, Particles, Algebras},
  publisher    = {Springer},
  address      = {Berlin},
  year         = {1992}
}

@article{BuchholzWichmann1986,
  author       = {Buchholz, Detlev and Wichmann, Eyvind~H.},
  title        = {Causal independence and the energy-level density of states in local quantum field theory},
  journal      = {Communications in Mathematical Physics},
  volume       = {106},
  pages        = {321--344},
  year         = {1986},
  doi          = {10.1007/BF01464289}
}

@article{DoplicherLongo1984,
  author       = {Doplicher, Sergio and Longo, Roberto},
  title        = {Standard and split inclusions of von {N}eumann algebras},
  journal      = {Inventiones Mathematicae},
  volume       = {75},
  pages        = {493--536},
  year         = {1984},
  doi          = {10.1007/BF01388641}
}

@article{BarnumEtAl2007,
  author       = {Barnum, Howard and Barrett, Jonathan and Leifer, Matthew and Wilce, Alexander},
  title        = {Generalized no-broadcasting theorem},
  journal      = {Physical Review Letters},
  volume       = {99},
  number       = {24},
  pages        = {240501},
  year         = {2007},
  doi          = {10.1103/PhysRevLett.99.240501}
}

@article{Gisin1990,
  author       = {Gisin, Nicolas},
  title        = {Weinberg’s non-linear quantum mechanics and superluminal communications},
  journal      = {Physics Letters A},
  volume       = {143},
  pages        = {1--2},
  year         = {1990},
  doi          = {10.1016/0375-9601(90)90416-N}
}

@article{Polchinski1991,
  author       = {Polchinski, Joseph},
  title        = {Weinberg’s nonlinear quantum mechanics and the {E}instein–{P}odolsky–{R}osen paradox},
  journal      = {Physical Review Letters},
  volume       = {66},
  number       = {4},
  pages        = {397--400},
  year         = {1991},
  doi          = {10.1103/PhysRevLett.66.397}
}

@article{Jokinen2024,
  author       = {Jokinen, Pauli and Weilenmann, Mirjam and Pl\'avala, Martin and Pellonp\"a\"a, Juha-Pekka and Kiukas, Jukka and Uola, Roope},
  title        = {No-broadcasting characterizes operational contextuality},
  journal      = {Physical Review Letters},
  volume       = {133},
  number       = {24},
  pages        = {240201},
  year         = {2024},
  note         = {arXiv:2406.07305},
  doi          = {10.1103/PhysRevLett.133.240201}
}

@article{JuEtAl2019,
  author       = {Ju, Chia-Yi and Miranowicz, Adam and Chen, Guang-Yin and Nori, Franco},
  title        = {Non-{H}ermitian {H}amiltonians and no-go theorems in quantum information},
  journal      = {Physical Review A},
  volume       = {100},
  number       = {6},
  pages        = {062118},
  year         = {2019},
  note         = {arXiv:1906.08071},
  doi          = {10.1103/PhysRevA.100.062118}
}

@article{Galley2022,
  author       = {Galley, Thomas~D. and Giacomini, Flaminia and Selby, John~H.},
  title        = {A no-go theorem on the nature of the gravitational field beyond quantum theory},
  journal      = {Quantum},
  volume       = {6},
  pages        = {779},
  year         = {2022},
  note         = {arXiv:2012.01441},
  doi          = {10.22331/q-2022-08-17-779}
}

%% recheck these refs

@article{AbramskyBrandenburger2011,
  author       = {Abramsky, Samson and Brandenburger, Adam},
  title        = {The sheaf-theoretic structure of non-locality and contextuality},
  journal      = {New Journal of Physics},
  volume       = {13},
  pages        = {113036},
  year         = {2011},
  doi          = {10.1088/1367-2630/13/11/113036},
  note         = {arXiv:1102.0264 [quant-ph]}
}

@article{DoeringIsham2008,
  author       = {D{\"o}ring, Andreas and Isham, Christopher~J.},
  title        = {What is a thing? {T}opos theory in the foundations of physics},
  journal      = {Journal of Mathematical Physics},
  volume       = {49},
  number       = {5},
  pages        = {053515},
  year         = {2008},
  doi          = {10.1063/1.2883740},
  note         = {arXiv:0708.0415 [quant-ph]}
}

@article{BrunettiFredenhagenVerch2003,
  author       = {Brunetti, Romeo and Fredenhagen, Klaus and Verch, Rainer},
  title        = {The generally covariant locality principle: A new paradigm for local quantum physics},
  journal      = {Communications in Mathematical Physics},
  volume       = {237},
  number       = {1-2},
  pages        = {31--68},
  year         = {2003},
  doi          = {10.1007/s00220-003-0815-7},
  note         = {arXiv:math-ph/0112041}
}

@article{DonnellyFreidel2016,
  author       = {Donnelly, William and Freidel, Laurent},
  title        = {Local subsystems in gauge theory and gravity},
  journal      = {Journal of High Energy Physics},
  volume       = {2016},
  number       = {9},
  pages        = {102},
  year         = {2016},
  doi          = {10.1007/JHEP09(2016)102},
  note         = {arXiv:1601.04744 [hep-th]}
}

@article{DonnellyWall2016,
  author       = {Donnelly, William and Wall, Aron~C.},
  title        = {Geometric entropy and edge modes of gauge fields},
  journal      = {Physical Review D},
  volume       = {94},
  number       = {10},
  pages        = {104053},
  year         = {2016},
  doi          = {10.1103/PhysRevD.94.104053},
  note         = {arXiv:1506.05792 [hep-th]}
}

@article{Penrose1965,
  author       = {Penrose, Roger},
  title        = {Gravitational collapse and space-time singularities},
  journal      = {Physical Review Letters},
  volume       = {14},
  number       = {3},
  pages        = {57--59},
  year         = {1965},
  doi          = {10.1103/PhysRevLett.14.57}
}

@article{HawkingPenrose1970,
  author       = {Hawking, S.~W. and Penrose, Roger},
  title        = {The singularities of gravitational collapse and cosmology},
  journal      = {Proceedings of the Royal Society A},
  volume       = {314},
  number       = {1519},
  pages        = {529--548},
  year         = {1970},
  doi          = {10.1098/rspa.1970.0021}
}

@article{FriedmanSchleichWitt1993,
  author       = {Friedman, John~L. and Schleich, Kristin and Witt, Donald~M.},
  title        = {Topological censorship},
  journal      = {Physical Review Letters},
  volume       = {71},
  number       = {10},
  pages        = {1486--1489},
  year         = {1993},
  doi          = {10.1103/PhysRevLett.71.1486},
  note         = {Erratum: \emph{Phys. Rev. Lett.} 75, 1872 (1995)}
}

@article{Galloway1999,
  author       = {Galloway, Gregory~J. and Schleich, Kristin and Witt, Donald~M. and Woolgar, Eric},
  title        = {Topological censorship and higher genus black holes},
  journal      = {Physical Review D},
  volume       = {60},
  number       = {10},
  pages        = {104039},
  year         = {1999},
  doi          = {10.1103/PhysRevD.60.104039},
  note         = {arXiv:gr-qc/9902061}
}

@article{Geroch1967,
  author       = {Geroch, Robert},
  title        = {Topology in general relativity},
  journal      = {Journal of Mathematical Physics},
  volume       = {8},
  number       = {4},
  pages        = {782--786},
  year         = {1967},
  doi          = {10.1063/1.1705276}
}

@article{Hawking1992,
  author       = {Hawking, Stephen~W.},
  title        = {The chronology protection conjecture},
  journal      = {Physical Review D},
  volume       = {46},
  number       = {2},
  pages        = {603--611},
  year         = {1992},
  doi          = {10.1103/PhysRevD.46.603}
}


