@article{Lawvere1973,
  author    = {F. William Lawvere},
  title     = {Metric spaces, generalized logic, and closed categories},
  journal   = {Rendiconti del Seminario Matematico e Fisico di Milano},
  volume    = {43},
  year      = {1973},
  pages     = {135--166}
}

@book{Kelly1982,
  author    = {G. M. Kelly},
  title     = {Basic Concepts of Enriched Category Theory},
  series    = {London Mathematical Society Lecture Note Series},
  volume    = {64},
  publisher = {Cambridge University Press},
  year      = {1982},
  note      = {Reprinted as TAC Reprints 10 (2005)}
}

@book{Dubuc1970,
  author    = {Eduardo J. Dubuc},
  title     = {Kan Extensions in Enriched Category Theory},
  series    = {Lecture Notes in Mathematics},
  volume    = {145},
  publisher = {Springer},
  year      = {1970}
}

@incollection{Day1970,
  author    = {Brian Day},
  title     = {On Closed Categories of Functors},
  booktitle = {Reports of the Midwest Category Seminar IV},
  series    = {Lecture Notes in Mathematics},
  volume    = {137},
  publisher = {Springer},
  year      = {1970},
  pages     = {1--38}
}

@article{Loday2004,
  author    = {Jean{-}Louis Loday},
  title     = {Realization of the Stasheff polytope},
  journal   = {Archiv der Mathematik},
  volume    = {83},
  year      = {2004},
  pages     = {267--278}
}

@article{LodayRonco1998,
  author    = {Jean{-}Louis Loday and Mar{\'\i}a O. Ronco},
  title     = {Hopf Algebra of the Planar Binary Trees},
  journal   = {Advances in Mathematics},
  volume    = {139},
  number    = {2},
  year      = {1998},
  pages     = {293--309}
}

@article{Sion1958,
  author    = {Maurice Sion},
  title     = {On general minimax theorems},
  journal   = {Pacific Journal of Mathematics},
  volume    = {8},
  number    = {1},
  year      = {1958},
  pages     = {171--176}
}

@book{Villani2009,
  author    = {C{\'e}dric Villani},
  title     = {Optimal Transport: Old and New},
  series    = {Grundlehren der mathematischen Wissenschaften},
  volume    = {338},
  publisher = {Springer},
  year      = {2009}
}

@article{PolikTerlaky2007,
  author    = {Imre P{\'o}lik and Tam{\'a}s Terlaky},
  title     = {A Survey of the {S}-lemma},
  journal   = {SIAM Review},
  volume    = {49},
  number    = {3},
  year      = {2007},
  pages     = {371--418}
}


@article{Lawvere1969,
  author    = {F. William Lawvere},
  title     = {Adjointness in Foundations},
  journal   = {Dialectica},
  volume    = {23},
  number    = {3--4},
  year      = {1969},
  pages     = {281--296}
}

@article{Seely1983,
  author    = {R. A. G. Seely},
  title     = {Hyperdoctrines, natural deduction and the {B}eck--{C}hevalley condition},
  journal   = {Journal of Symbolic Logic},
  volume    = {48},
  number    = {4},
  year      = {1983},
  pages     = {1160--1168}
}

@book{Jacobs1999,
  author    = {Bart Jacobs},
  title     = {Categorical Logic and Type Theory},
  series    = {Studies in Logic and the Foundations of Mathematics},
  volume    = {141},
  publisher = {Elsevier},
  year      = {1999}
}

@article{StreetWalters1978,
  author    = {Ross Street and Robert Walters},
  title     = {Yoneda structures on 2--categories},
  journal   = {Journal of Pure and Applied Algebra},
  volume    = {8},
  number    = {2},
  year      = {1976},
  pages     = {221--239},
  note      = {Published 1978 in final form}
}

@incollection{Benabou1967,
  author    = {Jean B{\'e}nabou},
  title     = {Introduction to Bicategories},
  booktitle = {Reports of the Midwest Category Seminar},
  series    = {Lecture Notes in Mathematics},
  volume    = {47},
  publisher = {Springer},
  year      = {1967},
  pages     = {1--77}
}

@article{Wood1990,
  author    = {R. J. Wood},
  title     = {Proarrow Equipment},
  journal   = {Theory and Applications of Categories},
  volume    = {14},
  year      = {2005},
  pages     = {104--147},
  note      = {Originally circulated notes, 1990; TAC reprint}
}

@article{Shulman2008,
  author    = {Michael Shulman},
  title     = {Framed bicategories and monoidal fibrations},
  journal   = {Theory and Applications of Categories},
  volume    = {20},
  year      = {2008},
  pages     = {650--738}
}

@misc{Fritz2020Markov,
  author    = {Tobias Fritz},
  title     = {A synthetic approach to {M}arkov kernels, disintegration, and {B}ayesian inversion},
  howpublished = {arXiv:1908.07021},
  year      = {2020},
  note      = {Versioned preprint}
}

@misc{Fritz2009Convex,
  author    = {Tobias Fritz},
  title     = {Convex spaces and their geometry},
  howpublished = {arXiv:0903.5522},
  year      = {2009}
}

@article{EdelmanJamison1985,
  author  = {Paul H. Edelman and Robert E. Jamison},
  title   = {The theory of convex geometries},
  journal = {Geometriae Dedicata},
  volume  = {19},
  year    = {1985},
  pages   = {247--270}
}

@article{Glasman2016,
  author  = {Saul Glasman},
  title   = {Day convolution for $\infty$-categories},
  journal = {Mathematical Research Letters},
  volume  = {23},
  number  = {5},
  pages   = {1369--1385},
  year    = {2016},
  eprint  = {1308.4940},
  archivePrefix = {arXiv},
  primaryClass  = {math.CT}
}

@misc{Heine2024WeightedColimits,
  author  = {Hadrian Heine},
  title   = {The higher algebra of weighted colimits},
  year    = {2024},
  eprint  = {2406.08925},
  archivePrefix = {arXiv},
  primaryClass  = {math.CT}
}

@misc{CnossenEtAl2024,
  author  = {Bastiaan Cnossen and Rune Haugseng and Tobias Lenz and Sil Linskens},
  title   = {Homotopical commutative rings and bispans},
  year    = {2024},
  eprint  = {2403.06911},
  archivePrefix = {arXiv},
  primaryClass  = {math.CT}
}

@misc{HaderiOkayStern2024,
  author  = {Redi Haderi and Cihan Okay and Walker H. Stern},
  title   = {The operadic theory of convexity},
  year    = {2024},
  eprint  = {2403.18102},
  archivePrefix = {arXiv},
  primaryClass  = {math.CT}
}

@misc{Stein2023,
  author  = {David Stein},
  title   = {Towards a Compositional Framework for Convex Analysis},
  year    = {2023},
  eprint  = {2312.02291},
  archivePrefix = {arXiv},
  primaryClass  = {math.OC}
}

@misc{Braithwaite2023,
  author  = {Dylan Braithwaite},
  title   = {The Compositional Structure of Bayesian Inference},
  year    = {2023},
  eprint  = {2305.06112},
  archivePrefix = {arXiv},
  primaryClass  = {math.CT}
}

@misc{BraithwaiteHedges2022,
  author  = {Dylan Braithwaite and Jules Hedges},
  title   = {Dependent Bayesian Lenses: Categories of Bidirectional Markov Kernels with Canonical Bayesian Inversion},
  year    = {2022},
  eprint  = {2209.14728},
  archivePrefix = {arXiv},
  primaryClass  = {math.CT}
}

@article{Bolt2023,
  author  = {Jos{\'e} J. Bolt and Jules Hedges and Neil Ghani and Paulo Oliva and Firas Saad and Matteo Capucci},
  title   = {Bayesian open games},
  journal = {Compositionality},
  volume  = {5},
  year    = {2023},
  note    = {article \#9},
  url     = {https://compositionality.episciences.org/13528}
}

@misc{Kharoof2022,
  author  = {Aziz Kharoof and Pawel Sobocinski},
  title   = {Simplicial distributions, convex categories and contextuality},
  year    = {2022},
  eprint  = {2211.00571},
  archivePrefix = {arXiv},
  primaryClass  = {math.CT}
}

@book{NocedalWright2006,
  author    = {Jorge Nocedal and Stephen J. Wright},
  title     = {Numerical Optimization},
  edition   = {2nd},
  publisher = {Springer},
  year      = {2006}
}

@book{RockafellarWets1998,
  author    = {R. Tyrrell Rockafellar and Roger J.-B. Wets},
  title     = {Variational Analysis},
  series    = {Grundlehren der mathematischen Wissenschaften},
  volume    = {317},
  publisher = {Springer},
  year      = {1998}
}

@article{Csiszar1967,
  author  = {Imre Csisz{\'a}r},
  title   = {Information-type measures of difference of probability distributions and indirect observation},
  journal = {Studia Scientiarum Mathematicarum Hungarica},
  volume  = {2},
  year    = {1967},
  pages   = {299--318}
}

@book{BoydVandenberghe2004,
  author    = {Stephen Boyd and Lieven Vandenberghe},
  title     = {Convex Optimization},
  publisher = {Cambridge University Press},
  year      = {2004}
}

@article{Yakubovich1971,
  author  = {V. A. Yakubovich},
  title   = {S-procedure in nonlinear control theory},
  journal = {Vestnik Leningrad University},
  volume  = {1},
  year    = {1971},
  pages   = {62--77},
  note    = {In Russian; English summaries available in later surveys}
}

@book{NesterovNemirovskii1994,
  author    = {Yurii Nesterov and Arkadi Nemirovskii},
  title     = {Interior-Point Polynomial Algorithms in Convex Programming},
  publisher = {SIAM},
  year      = {1994}
}

@book{Renegar2001,
  author    = {James Renegar},
  title     = {A Mathematical View of Interior-Point Methods in Convex Optimization},
  publisher = {SIAM},
  year      = {2001}
}

@article{Stasheff1963I,
  author  = {James D. Stasheff},
  title   = {Homotopy associativity of $H$-spaces I, II},
  journal = {Transactions of the American Mathematical Society},
  volume  = {108},
  year    = {1963},
  pages   = {275--312, 313--327}
}

@book{MacLaneMoerdijk1992,
  author    = {Saunders Mac Lane and Ieke Moerdijk},
  title     = {Sheaves in Geometry and Logic},
  publisher = {Springer},
  year      = {1992}
}

@book{StanleyEC2,
  author    = {Richard P. Stanley},
  title     = {Enumerative Combinatorics, Volume 2},
  series    = {Cambridge Studies in Advanced Mathematics},
  volume    = {62},
  publisher = {Cambridge University Press},
  year      = {1999}
}

@article{EsfahaniKuhn2018,
  author  = {Peyman Mohajerin Esfahani and Daniel Kuhn},
  title   = {Data-driven distributionally robust optimization using the Wasserstein metric: Performance guarantees and tractable reformulations},
  journal = {Mathematical Programming},
  volume  = {171},
  number  = {1-2},
  pages   = {115--166},
  year    = {2018}
}

@inproceedings{ShafieeAbadeh2015,
  author    = {Soroosh Shafieezadeh-Abadeh and Peyman Mohajerin Esfahani and Daniel Kuhn},
  title     = {Distributionally Robust Logistic Regression},
  booktitle = {NeurIPS},
  year      = {2015}
}

@inproceedings{NamkoongDuchi2016,
  author    = {Hongseok Namkoong and John C. Duchi},
  title     = {Stochastic Gradient Methods for Distributionally Robust Optimization with {f}-divergences},
  booktitle = {NeurIPS},
  year      = {2016}
}



