@book{MacLane1998,
  author    = {Saunders Mac Lane},
  title     = {Categories for the Working Mathematician},
  edition   = {2},
  year      = {1998},
  series    = {Graduate Texts in Mathematics},
  volume    = {5},
  publisher = {Springer},
  address   = {New York},
  doi       = {10.1007/978-1-4757-4721-8},
  isbn      = {978-0-387-98403-2}
}

@book{Johnstone2002Elephant,
  author    = {Peter T. Johnstone},
  title     = {Sketches of an Elephant: A Topos Theory Compendium},
  year      = {2002},
  publisher = {Clarendon Press / Oxford University Press},
  address   = {Oxford},
  isbn      = {978-0-19-853425-9}
}

@book{Kelly1982,
  author    = {G. M. Kelly},
  title     = {Basic Concepts of Enriched Category Theory},
  year      = {1982},
  series    = {London Mathematical Society Lecture Note Series},
  volume    = {64},
  publisher = {Cambridge University Press},
  note      = {Reprinted as TAC Reprints No.~10 (2005), \url{https://www.tac.mta.ca/tac/reprints/articles/10/tr10.pdf}}
}

@book{AdamekRosicky1994,
  author    = {J. Ad{\'a}mek and J. Rosick{\'y}},
  title     = {Locally Presentable and Accessible Categories},
  year      = {1994},
  series    = {London Mathematical Society Lecture Note Series},
  volume    = {189},
  publisher = {Cambridge University Press},
  doi       = {10.1017/CBO9780511600579},
  isbn      = {978-0-521-42261-4}
}

@book{Riehl2016,
  author    = {Emily Riehl},
  title     = {Category Theory in Context},
  year      = {2016},
  publisher = {Dover},
  address   = {Mineola, NY},
  isbn      = {978-0-486-80903-8},
  note      = {\url{https://emilyriehl.github.io/files/context.pdf}}
}

@incollection{Lawvere1969Diagonal,
  author    = {F. William Lawvere},
  title     = {Diagonal arguments and cartesian closed categories},
  booktitle = {Category Theory, Homology Theory and their Applications II},
  series    = {Lecture Notes in Mathematics},
  volume    = {92},
  pages     = {134--145},
  publisher = {Springer},
  address   = {Berlin},
  year      = {1969},
  doi       = {10.1007/BFb0080769},
  url       = {https://www.tac.mta.ca/tac/reprints/articles/15/tr15.pdf}
}

@article{Lawvere1969Adjointness,
  author  = {F. William Lawvere},
  title   = {Adjointness in Foundations},
  journal = {Dialectica},
  year    = {1969},
  volume  = {23},
  number  = {3--4},
  pages   = {281--296},
  doi     = {10.1111/j.1746-8361.1969.tb01194.x},
  url     = {https://www.tac.mta.ca/tac/reprints/articles/16/tr16.pdf}
}

@inproceedings{Lawvere1971Quantifiers,
  author    = {F. William Lawvere},
  title     = {Quantifiers and Sheaves},
  booktitle = {Proceedings of the International Congress of Mathematicians, Nice 1970},
  year      = {1971},
  pages     = {329--334},
  publisher = {Gauthier-Villars},
  url       = {https://lawverearchives.com/wp-content/uploads/2024/12/1970-quantifiers-and-sheaves.pdf}
}

@article{Lawvere2005TCS,
  author  = {F. William Lawvere},
  title   = {Taking Categories Seriously},
  journal = {Reprints in Theory and Applications of Categories},
  year    = {2005},
  number  = {8},
  pages   = {1--24},
  issn    = {1201-561X},
  url     = {http://www.tac.mta.ca/tac/reprints/articles/8/tr8abs.html},
  note    = {Full text: \url{http://www.tac.mta.ca/tac/reprints/articles/8/tr8.pdf}}
}


@book{MacLaneMoerdijk1992,
  author    = {Saunders Mac Lane and Ieke Moerdijk},
  title     = {Sheaves in Geometry and Logic: A First Introduction to Topos Theory},
  year      = {1994},
  publisher = {Springer},
  series    = {Universitext},
  doi       = {10.1007/978-1-4612-0927-0},
  isbn      = {978-0-387-97710-2}
}

@book{Giraud1971,
  author    = {Jean Giraud},
  title     = {Cohomologie Non Ab{\'e}lienne},
  year      = {1971},
  series    = {Grundlehren der Mathematischen Wissenschaften},
  volume    = {179},
  publisher = {Springer},
  doi       = {10.1007/978-3-662-62103-5},
  isbn      = {978-3-540-05307-1}
}

@book{Lurie2009HTT,
  author    = {Jacob Lurie},
  title     = {Higher Topos Theory},
  year      = {2009},
  series    = {Annals of Mathematics Studies},
  volume    = {170},
  publisher = {Princeton University Press},
  isbn      = {978-0-691-14049-0}
}

@misc{Lurie2018ProObjects,
  author       = {Lurie, Jacob},
  title        = {Lecture 14X: Pro-Objects},
  year         = {2018},
  month        = mar,
  note         = {Lecture notes; version of March 19, 2018},
  howpublished = {\url{https://www.math.ias.edu/~lurie/278xnotes/Lecture14X-ProObjects.pdf}},
  url          = {https://www.math.ias.edu/~lurie/278xnotes/Lecture14X-ProObjects.pdf}
}

@unpublished{ToenVezzosiHAG,
  author  = {Bertrand To{\"e}n and Gabriele Vezzosi},
  title   = {Homotopical Algebraic Geometry I/II},
  year    = {2005},
  note    = {Preprints; see \url{https://arxiv.org/abs/math/0404373} and \url{https://arxiv.org/abs/math/0404370}}
}

@article{Isaksen2001,
  author  = {Daniel C. Isaksen},
  title   = {A model structure on pro-simplicial sets},
  journal = {Transactions of the American Mathematical Society},
  year    = {2001},
  volume  = {353},
  number  = {7},
  pages   = {2805--2841},
  doi     = {10.1090/S0002-9947-01-02796-4}
}

@book{ArtinMazur1969,
  author    = {Michael Artin and Barry Mazur},
  title     = {{\'E}tale Homotopy},
  year      = {1969},
  series    = {Lecture Notes in Mathematics},
  volume    = {100},
  publisher = {Springer},
  doi       = {10.1007/BFb0080957}
}

@book{Borceux1994,
  author    = {Francis Borceux},
  title     = {Handbook of Categorical Algebra I: Basic Category Theory},
  year      = {1994},
  series    = {Encyclopedia of Mathematics and its Applications},
  volume    = {50},
  publisher = {Cambridge University Press},
  doi       = {10.1017/CBO9780511525858}
}

@book{Jacobs1999,
  author    = {Bart Jacobs},
  title     = {Categorical Logic and Type Theory},
  year      = {1999},
  series    = {Studies in Logic and the Foundations of Mathematics},
  volume    = {141},
  publisher = {Elsevier},
  isbn      = {978-0-444-50170-7},
  url       = {https://www.cs.ru.nl/B.Jacobs/CLT/bookinfo.html}
}

@book{Goldblatt2014,
  author    = {Robert Goldblatt},
  title     = {Topoi: The Categorial Analysis of Logic},
  edition   = {2},
  year      = {2014},
  series    = {Studies in Logic and the Foundations of Mathematics},
  volume    = {98},
  publisher = {Elsevier / North-Holland},
  isbn      = {978-0-444-86711-7},
  url       = {https://shop.elsevier.com/books/topoi/goldblatt/978-0-444-86711-7}
}

@article{Goedel1931,
  author  = {Kurt G{\"o}del},
  title   = {Über formal unentscheidbare Sätze der Principia Mathematica und verwandter Systeme I},
  journal = {Monatshefte f{\"u}r Mathematik und Physik},
  year    = {1931},
  volume  = {38},
  pages   = {173--198},
  doi     = {10.1007/BF01700692}
}

@incollection{Tarski1956,
  author    = {Alfred Tarski},
  title     = {The concept of truth in formalized languages},
  booktitle = {Logic, Semantics, Metamathematics},
  publisher = {Oxford University Press},
  year      = {1956},
  pages     = {152--278}
}

@article{Loeb1955,
  author  = {Martin H. L{\"o}b},
  title   = {Solution of a problem of Leon Henkin},
  journal = {Journal of Symbolic Logic},
  year    = {1955},
  volume  = {20},
  number  = {2},
  pages   = {115--118},
  doi     = {10.2307/2266735}
}

@book{Boolos1993,
  author    = {George S. Boolos},
  title     = {The Logic of Provability},
  year      = {1993},
  publisher = {Cambridge University Press},
  address   = {Cambridge},
  isbn      = {978-0-521-43342-9}
}

@article{Feferman1960,
  author  = {Solomon Feferman},
  title   = {Arithmetization of metamathematics in a general setting},
  journal = {Fundamenta Mathematicae},
  year    = {1960},
  volume  = {49},
  number  = {1},
  pages   = {35--92},
  doi     = {10.4064/fm-49-1-35-92},
  url     = {https://matwbn.icm.edu.pl/ksiazki/fm/fm49/fm4915.pdf}
}

@book{AmariNagaoka2000,
  author    = {Shun-ichi Amari and Hiroshi Nagaoka},
  title     = {Methods of Information Geometry},
  year      = {2000},
  series    = {Translations of Mathematical Monographs},
  volume    = {191},
  publisher = {AMS / Oxford University Press},
  isbn      = {978-0-8218-0538-1}
}

@book{Amari2016,
  author    = {Shun-ichi Amari},
  title     = {Information Geometry and Its Applications},
  year      = {2016},
  series    = {Applied Mathematical Sciences},
  volume    = {194},
  publisher = {Springer},
  doi       = {10.1007/978-4-431-55978-8},
  isbn      = {978-4-431-55977-1}
}

@article{Csiszar1967,
  author  = {Imre Csisz{\'a}r},
  title   = {Information-type measures of difference of probability distributions and indirect observations},
  journal = {Studia Scientiarum Mathematicarum Hungarica},
  year    = {1967},
  volume  = {2},
  pages   = {299--318}
}

@article{Blackwell1953,
  author  = {David Blackwell},
  title   = {Equivalent Comparisons of Experiments},
  journal = {Annals of Mathematical Statistics},
  year    = {1953},
  volume  = {24},
  number  = {2},
  pages   = {265--272},
  doi     = {10.1214/aoms/1177729032},
  url     = {https://projecteuclid.org/journals/annals-of-mathematical-statistics/volume-24/issue-2/Equivalent-Comparisons-of-Experiments/10.1214/aoms/1177729032.full}
}

@book{Torgersen1991,
  author    = {Erik Torgersen},
  title     = {Comparison of Statistical Experiments},
  year      = {1991},
  series    = {Encyclopedia of Mathematics and its Applications},
  volume    = {36},
  publisher = {Cambridge University Press},
  isbn      = {978-0-521-25030-9}
}

@article{BFV2003,
  author  = {Romeo Brunetti and Klaus Fredenhagen and Rainer Verch},
  title   = {The Generally Covariant Locality Principle -- A New Paradigm for Local Quantum Physics},
  journal = {Communications in Mathematical Physics},
  year    = {2003},
  volume  = {237},
  number  = {1},
  pages   = {31--68},
  doi     = {10.1007/s00220-003-0815-7},
  url     = {https://arxiv.org/abs/math-ph/0112041}
}

@unpublished{Schreiber2013,
  author  = {Urs Schreiber},
  title   = {Differential Cohomology in a Cohesive Infinity-Topos},
  note    = {Preprint, \url{https://arxiv.org/abs/1310.7930}},
  year    = {2013}
}

@book{Anselm1965,
  author    = {Anselm of Canterbury},
  title     = {Proslogion; with a Reply on Behalf of the Fool by Gaunilo and the Author's Reply to Gaunilo},
  year      = {1965},
  publisher = {Clarendon Press},
  address   = {Oxford},
  note      = {Transl. M.~J. Charlesworth}
}

@book{Aquinas1920,
  author    = {Thomas Aquinas},
  title     = {Summa Theologica},
  year      = {1920},
  publisher = {Burns Oates \& Washbourne},
  address   = {London},
  note      = {Fathers of the English Dominican Province (transl.)}
}

@book{PseudoDionysius1987,
  author    = {{Pseudo-Dionysius the Areopagite}},
  title     = {The Complete Works},
  year      = {1987},
  series    = {Classics of Western Spirituality},
  publisher = {Paulist Press},
  address   = {Mahwah, NJ},
  editor    = {Colm Luibh{\'e}id and Paul Rorem},
  isbn      = {978-0809128389}
}

@book{Kant1998,
  author    = {Immanuel Kant},
  title     = {Critique of Pure Reason},
  year      = {1998},
  publisher = {Cambridge University Press},
  address   = {Cambridge},
  note      = {Transl. Paul Guyer and Allen W. Wood},
  doi       = {10.1017/CBO9780511804649},
  isbn      = {978-0521657296}
}

@book{Plantinga1974,
  author    = {Alvin Plantinga},
  title     = {The Nature of Necessity},
  year      = {1974},
  publisher = {Oxford University Press},
  address   = {Oxford},
  isbn      = {978-0-19-824414-1}
}

@article{Worrall1989,
  author  = {John Worrall},
  title   = {Structural realism: The best of both worlds?},
  journal = {Dialectica},
  year    = {1989},
  volume  = {43},
  number  = {1--2},
  pages   = {99--124},
  doi     = {10.1111/j.1746-8361.1989.tb00933.x}
}

@book{Ladyman2007,
  author    = {James Ladyman and Don Ross and David Spurrett and John Collier},
  title     = {Every Thing Must Go: Metaphysics Naturalized},
  year      = {2007},
  publisher = {Oxford University Press},
  address   = {Oxford},
  isbn      = {978-0-19-927619-6}
}

@book{Prior1967,
  author    = {Arthur N. Prior},
  title     = {Past, Present and Future},
  year      = {1967},
  publisher = {Clarendon Press},
  address   = {Oxford},
  isbn      = {978-0-19-824311-3}
}

@article{McTaggart1908,
  author  = {J. E. McTaggart},
  title   = {The Unreality of Time},
  journal = {Mind},
  year    = {1908},
  volume  = {17},
  number  = {4},
  pages   = {457--474},
  doi     = {10.1093/mind/XVII.4.457}
}

@book{Mellor1981,
  author    = {D. H. Mellor},
  title     = {Real Time},
  year      = {1981},
  publisher = {Cambridge University Press},
  address   = {Cambridge},
  isbn      = {978-0-521-24133-5}
}

@book{Quine1960,
  author    = {W. V. O. Quine},
  title     = {Word and Object},
  year      = {1960},
  publisher = {MIT Press},
  address   = {Cambridge, MA},
  isbn      = {978-0-262-67001-2}
}

@book{Freyd1964Abelian,
  author    = {Peter J. Freyd},
  title     = {Abelian Categories: An Introduction to the Theory of Functors},
  year      = {1964},
  publisher = {Harper \& Row}
}

@article{Rydh2015Noetherian,
  author  = {David Rydh},
  title   = {Noetherian approximation of algebraic spaces and stacks},
  journal = {Journal of Algebra},
  year    = {2015},
  volume  = {422},
  pages   = {105--147},
  issn    = {0021-8693},
  doi     = {10.1016/j.jalgebra.2014.10.025},
  url     = {https://doi.org/10.1016/j.jalgebra.2014.10.025}
}

@book{Marion1991GodWithoutBeing,
  author       = {Marion, Jean-Luc},
  title        = {God Without Being},
  year         = {1991},
  publisher    = {University of Chicago Press},
  address      = {Chicago},
  translator   = {Carlson, Thomas A.},
  note         = {English translation of \emph{Dieu sans l'{\^e}tre} (PUF, 1982)}
}

@book{Marion1982DieuSansLetre,
  author       = {Marion, Jean-Luc},
  title        = {Dieu sans l'{\^e}tre},
  year         = {1982},
  publisher    = {Presses Universitaires de France},
  address      = {Paris},
  language     = {French}
}

@book{AquinasSCG,
  author       = {Thomas Aquinas},
  title        = {Summa Contra Gentiles, Book I: God},
  translator   = {Anton C. Pegis},
  year         = {1955},
  publisher    = {University of Notre Dame Press},
  note         = {esp. I, chs.~12--13: knowledge of God through effects},
}

@book{MaimonidesGuide,
  author       = {Moses Maimonides},
  title        = {The Guide of the Perplexed},
  translator   = {Shlomo Pines},
  year         = {1963},
  publisher    = {University of Chicago Press},
  note         = {Part I, chs.~54--59: negative theology and knowledge by actions},
}


