@article{Kondrashov2001,
  author  = {Kondrashov, Fyodor A. and Kondrashov, Alexey S.},
  title   = {Multidimensional epistasis and the disadvantage of sex},
  journal = {Proceedings of the National Academy of Sciences},
  volume  = {98},
  number  = {21},
  pages   = {12089--12092},
  year    = {2001},
  doi     = {10.1073/pnas.211214298}
}

@article{Weinreich2005,
  author = {Weinreich, Daniel M. and Watson, Richard A. and Chao, Lin},
  title = {Perspective: Sign epistasis and genetic constraints on evolutionary trajectories},
  journal = {Evolution},
  volume = {59},
  number = {6},
  pages = {1165--1174},
  year = {2005}
}

@article{deVisser2014,
  author = {de Visser, J. Arjan G. M. and Krug, Joachim},
  title = {Empirical fitness landscapes and the predictability of evolution},
  journal = {Nature Reviews Genetics},
  volume = {15},
  pages = {480--490},
  year = {2014},
  doi = {10.1038/nrg3744}
}

@article{Brem2005,
  author = {Brem, Rachel B. and Kruglyak, Leonid},
  title = {The landscape of genetic complexity across 5,700 gene expression traits in yeast},
  journal = {Proceedings of the National Academy of Sciences},
  volume = {102},
  number = {5},
  pages = {1572--1577},
  year = {2005},
  doi = {10.1073/pnas.0408709102}
}

@article{Kondrashov2002,
  author = {Kondrashov, Alexey S. and Sunyaev, Shamil and Kondrashov, Fyodor A.},
  title = {Dobzhanskyâ€“Muller incompatibilities in protein evolution},
  journal = {Proceedings of the National Academy of Sciences},
  volume = {99},
  number = {23},
  pages = {14878--14883},
  year = {2002},
  doi = {10.1073/pnas.232565499}
}

@article{Salverda2011,
  author = {Salverda, Michiel L. M. and Dellus, Eliane and Gorter, Florien A. and Debets, Alfons J. M. and van der Oost, John and Hoekstra, Rolf F. and Tawfik, Dan S. and de Visser, J. Arjan G. M.},
  title = {Initial mutations direct alternative pathways of protein evolution},
  journal = {PLoS Genetics},
  volume = {7},
  number = {3},
  pages = {e1001321},
  year = {2011},
  doi = {10.1371/journal.pgen.1001321}
}

@article{Weinreich2013,
  author = {Weinreich, Daniel M. and Lan, Y. H. and Wylie, C. S. and Heckendorn, R. B.},
  title = {Should evolutionary geneticists worry about higher-order epistasis?},
  journal = {Current Opinion in Genetics \& Development},
  volume = {23},
  number = {6},
  pages = {700--707},
  year = {2013},
  doi = {10.1016/j.gde.2013.10.007}
}

@article{Hayden2011,
  author = {Hayden, Eric J. and Ferrada, Evandro and Wagner, Andreas},
  title = {Cryptic genetic variation promotes rapid evolution of new functions},
  journal = {Nature},
  volume = {474},
  pages = {92--95},
  year = {2011},
  doi = {10.1038/nature10083}
}

@article{Felsenstein1974,
  author = {Felsenstein, J.},
  title = {The evolutionary advantage of recombination},
  journal = {Genetics},
  volume = {78},
  pages = {737--756},
  year = {1974}
}

@article{OttoFeldman1997,
  author = {Otto, Sarah P. and Feldman, Marcus W.},
  title = {Deleterious mutations, variable epistatic interactions, and the evolution of recombination},
  journal = {Theoretical Population Biology},
  volume = {51},
  pages = {134--147},
  year = {1997}
}

@article{Kimura1962,
  author = {Kimura, Motoo},
  title = {On the probability of fixation of mutant genes in a population},
  journal = {Genetics},
  volume = {47},
  pages = {713--719},
  year = {1962}
}

@book{Fisher1930,
  author = {Fisher, Ronald A.},
  title = {The Genetical Theory of Natural Selection},
  publisher = {Clarendon Press},
  address = {Oxford},
  year = {1930}
}

@article{Hamilton1967,
  author = {Hamilton, W. D.},
  title = {Extraordinary sex ratios},
  journal = {Science},
  volume = {156},
  pages = {477--488},
  year = {1967}
}

@article{Slatkin1974,
  author = {Slatkin, Montgomery},
  title = {Hedging one's evolutionary bets},
  journal = {Nature},
  volume = {250},
  pages = {704--705},
  year = {1974}
}

@article{PhilippiSeger1989,
  author = {Philippi, Tom and Seger, Jon},
  title = {Hedging one's evolutionary bets, revisited},
  journal = {Trends in Ecology \& Evolution},
  volume = {4},
  number = {2},
  pages = {41--44},
  year = {1989}
}

@article{HillRobertson1966,
  author = {Hill, William G. and Robertson, Alan},
  title = {The effect of linkage on limits to artificial selection},
  journal = {Genetical Research},
  volume = {8},
  number = {3},
  pages = {269--294},
  year = {1966}
}

@article{Charlesworth1993,
  author = {Charlesworth, Brian},
  title = {The evolution of sex and recombination in a varying environment},
  journal = {Journal of Heredity},
  volume = {84},
  number = {5},
  pages = {345--350},
  year = {1993}
}

@article{Lenormand2000,
  author = {Lenormand, Thomas and Otto, Sarah P.},
  title = {The evolution of recombination in a heterogeneous environment},
  journal = {Genetics},
  volume = {156},
  pages = {423--438},
  year = {2000}
}

@article{Gomulkiewicz1995,
  author = {Gomulkiewicz, Richard and Holt, Robert D.},
  title = {When does evolution by natural selection prevent extinction?},
  journal = {Evolution},
  volume = {49},
  number = {1},
  pages = {201--207},
  year = {1995}
}

@article{Orr2014,
  author = {Orr, H. Allen and Unckless, Robert L.},
  title = {The population genetics of evolutionary rescue},
  journal = {PLoS Genetics},
  volume = {10},
  number = {8},
  pages = {e1004551},
  year = {2014}
}

@article{Mustonen2010,
  author = {Mustonen, Ville and L{\"a}ssig, Michael},
  title = {Fitness flux and ubiquity of adaptive evolution},
  journal = {Proceedings of the National Academy of Sciences},
  volume = {107},
  number = {9},
  pages = {4248--4253},
  year = {2010}
}

@article{Lewontin1969,
  author = {Lewontin, Richard C. and Cohen, Daniel},
  title = {On population growth in a randomly varying environment},
  journal = {Proceedings of the National Academy of Sciences},
  volume = {62},
  number = {4},
  pages = {1056--1060},
  year = {1969}
}

@article{Tuljapurkar1982,
  author = {Tuljapurkar, Shripad},
  title = {Population dynamics in variable environments. I. Long-run growth rates and extinction},
  journal = {Theoretical Population Biology},
  volume = {21},
  pages = {141--165},
  year = {1982}
}

@article{Moran1953,
  author = {Moran, P. A. P.},
  title = {The statistical analysis of the Canadian lynx cycle. II. Synchronization and meteorology},
  journal = {Australian Journal of Zoology},
  volume = {1},
  pages = {291--298},
  year = {1953}
}

@article{Ripa1996,
  author = {Ripa, J{\"o}rgen and Lundberg, Per},
  title = {Noise colour and the risk of population extinctions},
  journal = {Proceedings of the Royal Society B: Biological Sciences},
  volume = {263},
  number = {1377},
  pages = {1751--1753},
  year = {1996}
}

@article{Ovaskainen2010,
  author = {Ovaskainen, Otso and Meerson, Baruch},
  title = {Stochastic models of population extinction},
  journal = {Trends in Ecology \& Evolution},
  volume = {25},
  number = {11},
  pages = {643--652},
  year = {2010}
}

@article{Kessler2023,
  author = {Kessler, David A. and Shnerb, Nadav M.},
  title = {Extinction time distributions of populations and genotypes},
  journal = {Physical Review E},
  volume = {108},
  number = {4},
  pages = {044406},
  year = {2023}
}

@article{Sella2005,
  author = {Sella, Guy and Hirsh, Aaron E.},
  title = {The application of statistical physics to evolutionary biology},
  journal = {Proceedings of the National Academy of Sciences},
  volume = {102},
  number = {27},
  pages = {9541--9546},
  year = {2005}
}

@article{Frank2012,
  author = {Frank, Steven A.},
  title = {Natural selection. V. How to read the fundamental equations of evolutionary change in terms of information theory},
  journal = {Journal of Evolutionary Biology},
  volume = {25},
  pages = {2377--2396},
  year = {2012}
}

@article{Starrfelt2012,
  author = {Starrfelt, Jostein and Kokko, Hanna},
  title = {Bet-hedging -- a triple trade-off between means, variances and correlations},
  journal = {Biological Reviews},
  volume = {87},
  number = {3},
  pages = {742--755},
  year = {2012}
}

@article{Hoeffding1963,
  author = {Hoeffding, Wassily},
  title = {Probability inequalities for sums of bounded random variables},
  journal = {Journal of the American Statistical Association},
  volume = {58},
  number = {301},
  pages = {13--30},
  year = {1963}
}

@article{Halley1996,
  author = {Halley, John M.},
  title = {Ecology, evolution and 1/f-noise},
  journal = {Trends in Ecology \& Evolution},
  volume = {11},
  number = {1},
  pages = {33--37},
  year = {1996}
}

@article{Eldon2006,
  author = {Eldon, Bjarki and Wakeley, John},
  title = {Coalescent processes when the distribution of offspring number among individuals is highly skewed},
  journal = {Genetics},
  volume = {172},
  number = {4},
  pages = {2621--2633},
  year = {2006}
}

@article{Promislow1992,
  author = {Promislow, Daniel E. L.},
  title = {Costs of sexual selection in natural populations of mammals},
  journal = {Proceedings of the Royal Society B: Biological Sciences},
  volume = {247},
  pages = {203--210},
  year = {1992}
}

@article{Maklakov2013,
  author = {Maklakov, Alexei A. and Lummaa, Virpi},
  title = {Evolution of sex differences in lifespan and aging: causes and constraints},
  journal = {BioEssays},
  volume = {35},
  number = {8},
  pages = {717--724},
  year = {2013}
}

@article{Efron1979,
  author = {Efron, Bradley},
  title = {Bootstrap methods: another look at the jackknife},
  journal = {The Annals of Statistics},
  volume = {7},
  number = {1},
  pages = {1--26},
  year = {1979}
}

@book{Casella2002,
  author = {Casella, George and Berger, Roger L.},
  title = {Statistical Inference},
  edition = {2nd},
  publisher = {Duxbury},
  address = {Pacific Grove, CA},
  year = {2002}
}

@article{Hamilton1981,
  author  = {Hamilton, W. D. and Axelrod, Robert and Tanese, Reiko},
  title   = {Sexual reproduction as an adaptation to resist parasites (a review)},
  journal = {Proceedings of the National Academy of Sciences},
  year    = {1981},
  volume  = {78},
  number  = {4},
  pages   = {1894--1898},
  doi     = {10.1073/pnas.78.4.1894}
}

@article{AndersonMay1982,
  author  = {Anderson, R. M. and May, R. M.},
  title   = {Coevolution of hosts and parasites},
  journal = {Parasitology},
  year    = {1982},
  volume  = {85},
  number  = {2},
  pages   = {411--426},
  doi     = {10.1017/S0031182000055360}
}

@article{Woolhouse2002,
  author  = {Woolhouse, M. E. J. and Webster, J. P. and Domingo, E. and Charlesworth, B. and Levin, B. R.},
  title   = {Biological and biomedical implications of the co-evolution of pathogens and their hosts},
  journal = {Nature Genetics},
  year    = {2002},
  volume  = {32},
  number  = {4},
  pages   = {569--577},
  doi     = {10.1038/ng1202-569}
}

@article{Lynch2010,
  author  = {Lynch, Michael},
  title   = {Evolution of the mutation rate},
  journal = {Trends in Genetics},
  year    = {2010},
  volume  = {26},
  number  = {8},
  pages   = {345--352},
  doi     = {10.1016/j.tig.2010.05.003}
}

@article{Sniegowski2010,
  author  = {Sniegowski, Paul D. and Gerrish, Philip J.},
  title   = {Beneficial mutations and the dynamics of adaptation in asexual populations},
  journal = {Philosophical Transactions of the Royal Society B: Biological Sciences},
  year    = {2010},
  volume  = {365},
  number  = {1544},
  pages   = {1255--1263},
  doi     = {10.1098/rstb.2009.0287}
}

@article{Leigh1970,
  author  = {Leigh, Egbert G.},
  title   = {Natural selection and mutability},
  journal = {American Naturalist},
  year    = {1970},
  volume  = {104},
  number  = {938},
  pages   = {301--305},
  doi     = {10.1086/282662}
}

@article{Drake1998,
  author  = {Drake, John W. and Charlesworth, Brian and Charlesworth, Deborah and Crow, James F.},
  title   = {Rates of spontaneous mutation},
  journal = {Genetics},
  year    = {1998},
  volume  = {148},
  number  = {4},
  pages   = {1667--1686},
  url     = {https://www.genetics.org/content/148/4/1667},
  note    = {PMCID: PMC1460099}
}


